<?xml version="1.0" encoding="UTF-8"?><record xmlns="http://www.loc.gov/MARC21/slim" xmlns:cinclude="http://apache.org/cocoon/include/1.0" xmlns:zs="http://www.loc.gov/zing/srw/">
  <leader>00573cz  a2200145n  4500</leader>
  <controlfield tag="001">no2006082804</controlfield>
  <controlfield tag="003">DLC</controlfield>
  <controlfield tag="005">20060814051820.0</controlfield>
  <controlfield tag="008">060809n| acannaabn          |n aaa     c</controlfield>
  <datafield tag="010" ind1=" " ind2=" ">
    <subfield code="a">no2006082804</subfield>
  </datafield>
  <datafield tag="035" ind1=" " ind2=" ">
    <subfield code="a">(OCoLC)oca07017991</subfield>
  </datafield>
  <datafield tag="040" ind1=" " ind2=" ">
    <subfield code="a">OkU</subfield>
    <subfield code="b">eng</subfield>
    <subfield code="c">OkU</subfield>
    <subfield code="d">OkU</subfield>
  </datafield>
  <datafield tag="100" ind1="1" ind2=" ">
    <subfield code="a">Eckman, Barbara A.</subfield>
  </datafield>
  <datafield tag="670" ind1=" " ind2=" ">
    <subfield code="a">Data integration in the life sciences, 2006:</subfield>
    <subfield code="b">t.p. (Barbara Eckman)</subfield>
  </datafield>
  <datafield tag="670" ind1=" " ind2=" ">
    <subfield code="a">E-mail from author, Aug. 8, 2006:</subfield>
    <subfield code="b">(also Barbara A. Eckman, author of Optimized seamless integration... and Barbara Ann Eckman, author of Reaching up to humanity; prefers Barbara A. Eckman)</subfield>
  </datafield>
</record>